@article{Georganas2018AnatomyOH,
  title={Anatomy of High-Performance Deep Learning Convolutions on SIMD Architectures},
  author={Evangelos Georganas and Sasikanth Avancha and Kunal Banerjee and Dhiraj D. Kalamkar and Greg Henry and Hans Pabst and Alexander Heinecke},
  journal={SC18: International Conference for High Performance Computing, Networking, Storage and Analysis},
  year={2018},
  pages={830-841}
}

@inproceedings{Chellapilla2006HighPC,
  title={High Performance Convolutional Neural Networks for Document Processing},
  author={Kumar Chellapilla and Sidd Puri and Patrice Y. Simard},
  year={2006}
}

@inproceedings{Jia2014CaffeCA,
  title={Caffe: Convolutional Architecture for Fast Feature Embedding},
  author={Yangqing Jia and Evan Shelhamer and Jeff Donahue and Sergey Karayev and Jonathan Long and Ross B. Girshick and Sergio Guadarrama and Trevor Darrell},
  booktitle={MM '14},
  year={2014}
}

@inproceedings{Cho2017MECMC,
  title={MEC: Memory-efficient Convolution for Deep Neural Network},
  author={Minsik Cho and Daniel Brand},
  booktitle={ICML},
  year={2017}
}

@inproceedings{Zhang2018HighPZ,
  title={High Performance Zero-Memory Overhead Direct Convolutions},
  author={Jiyuan Zhang and Franz Franchetti and Tze Meng Low},
  booktitle={ICML},
  year={2018}
}

@article{Zlateski2018FFTCA,
  title={FFT Convolutions are Faster than Winograd on Modern CPUs, Here is Why},
  author={Aleksandar Zlateski and Zhen Jia and Kai Li and Fr{\'e}do Durand},
  journal={ArXiv},
  year={2018},
  volume={abs/1809.07851}
}

@article{Mathieu2013FastTO,
  title={Fast Training of Convolutional Networks through FFTs},
  author={Micha{\"e}l Mathieu and Mikael Henaff and Yann LeCun},
  journal={CoRR},
  year={2013},
  volume={abs/1312.5851}
}

@article{Lavin2015FastAF,
  title={Fast Algorithms for Convolutional Neural Networks},
  author={Andrew Lavin and Scott C. Gray},
  journal={2016 IEEE Conference on Computer Vision and Pattern Recognition (CVPR)},
  year={2015},
  pages={4013-4021}
}

@article{Louizos2019RelaxedQF,
  title={Relaxed Quantization for Discretized Neural Networks},
  author={Christos Louizos and Matthias Reisser and Tijmen Blankevoort and Efstratios Gavves and Max Welling},
  journal={ArXiv},
  year={2019},
  volume={abs/1810.01875}
}

@article{Yin2019UnderstandingSE,
  title={Understanding Straight-Through Estimator in Training Activation Quantized Neural Nets},
  author={Penghang Yin and Jiancheng Lyu and Shuai Zhang and Stanley Osher and Yingyong Qi and Jack Xin},
  journal={ArXiv},
  year={2019},
  volume={abs/1903.05662}
}

@article{Heinecke2016LIBXSMMAS,
  title={LIBXSMM: Accelerating Small Matrix Multiplications by Runtime Code Generation},
  author={Alexander Heinecke and Greg Henry and Maxwell Hutchinson and Hans Pabst},
  journal={SC16: International Conference for High Performance Computing, Networking, Storage and Analysis},
  year={2016},
  pages={981-991}
}

@article{Dukhan2019TheIC,
  title={The Indirect Convolution Algorithm},
  author={Marat Dukhan},
  journal={ArXiv},
  year={2019},
  volume={abs/1907.02129}
}

@article{Jacob2017QuantizationAT,
  title={Quantization and Training of Neural Networks for Efficient Integer-Arithmetic-Only Inference},
  author={Benoit Jacob and Skirmantas Kligys and Bo Chen and Menglong Zhu and Matthew Tang and Andrew G. Howard and Hartwig Adam and Dmitry Kalenichenko},
  journal={2018 IEEE/CVF Conference on Computer Vision and Pattern Recognition},
  year={2017},
  pages={2704-2713}
}

@article{FernndezMarqus2020SearchingFW,
  title={Searching for Winograd-aware Quantized Networks},
  author={Javier Fern{\'a}ndez-Marqu{\'e}s and Paul N. Whatmough and Andrew Mundy and Matthew Mattina},
  journal={ArXiv},
  year={2020},
  volume={abs/2002.10711}
}

@article{BLIS1,
   author      = {Field G. {V}an~{Z}ee and Robert A. {v}an~{d}e~{G}eijn},
   title       = {{BLIS}: A Framework for Rapidly Instantiating {BLAS} Functionality},
   journal     = {ACM Transactions on Mathematical Software},
   volume      = {41},
   number      = {3},
   pages       = {14:1--14:33},
   month       = jun,
   year        = {2015},
   issue_date  = {June 2015},
   url         = {http://doi.acm.org/10.1145/2764454},
}

@article{Low2016AnalyticalMI,
  title={Analytical Modeling Is Enough for High-Performance BLIS},
  author={Tze Meng Low and Francisco D. Igual and Tyler M. Smith and Enrique S. Quintana-Ort{\'i}},
  journal={ACM Trans. Math. Softw.},
  year={2016},
  volume={43},
  pages={12:1-12:18}
}
@article{He2016DeepRL,
  title={Deep Residual Learning for Image Recognition},
  author={Kaiming He and Xiangyu Zhang and Shaoqing Ren and Jian Sun},
  journal={2016 IEEE Conference on Computer Vision and Pattern Recognition (CVPR)},
  year={2016},
  pages={770-778}
}
@article{SqueezeNet,
    Author = {Forrest N. Iandola and Song Han and Matthew W. Moskewicz and Khalid Ashraf and William J. Dally and Kurt Keutzer},
    Title = {SqueezeNet: AlexNet-level accuracy with 50x fewer parameters and $<$0.5MB model size},
    Journal = {arXiv:1602.07360},
    Year = {2016}
}
 
@MISC{mkl_gemm_pack,
  author = {Kazushige Goto and Murat Efe Guney and Sarah Knepper},
  title = {Reducing Packing Overhead in Matrix-Matrix Multiplication},
  editor = {intel.io},
  month = {},
  year = {},
  url = {https://techdecoded.intel.io/resources/reducing-packing-overhead-in-matrix-matrix-multiplication/}
}
